@article{Anderson2018,
   author = {Anderson, T. R. and Martin, A. P. and Lampitt, R. S. and Trueman, C. N. and Henson, S. A. and Mayor, D. J.},
   title = {Quantifying carbon fluxes from primary production to mesopelagic fish using a simple food web model},
   journal = {ICES Journal of Marine Science},
   year = {2018},
   type = {Journal Article}
}

@article{Ariza2015,
   author = {Ariza, A. and Garijo, J. C. and Landeira, J. M. and Bordes, F. and Hernández-León, S.},
   title = {Migrant biomass and respiratory carbon flux by zooplankton and micronekton in the subtropical northeast {A}tlantic {O}cean ({C}anary {I}slands)},
   journal = {Progress in Oceanography},
   volume = {134},
   pages = {330-342},
   ISSN = {0079-6611},
   DOI = {https://doi.org/10.1016/j.pocean.2015.03.003},
   url = {http://www.sciencedirect.com/science/article/pii/S0079661115000440},
   year = {2015},
   type = {Journal Article}
}

@article{Belcher2019,
   author = {Belcher, A. and Saunders, R. A. and Tarling, G. A.},
   title = {Respiration rates and active carbon flux of mesopelagic fishes ({F}amily {M}yctophidae) in the {S}cotia {S}ea, {S}outhern {O}cean},
   journal = {Marine Ecology Progress Series},
   volume = {610},
   pages = {149-162},
   ISSN = {0171-8630},
   DOI = {10.3354/meps12861},
   url = {<Go to ISI>://WOS:000464515700011},
   year = {2019},
   type = {Journal Article}
}

@article{Cammen1990,
   author = {Cammen, L. M. and Corwin, S. and Christensen, J. P.},
   title = {Electron transport system ({ETS}) activity as a measure of benthic macrofaunal metabolism},
   journal = {Mar. Ecol. Prog. Ser},
   volume = {65},
   number = {1},
   pages = {171-182},
   year = {1990},
   type = {Journal Article}
}


@article{Catul2011,
   author = {Catul, V. and Gauns, M. and Karuppasamy, P. K.},
   title = {A review on mesopelagic fishes belonging to family {M}yctophidae},
   journal = {Reviews in Fish Biology and Fisheries},
   volume = {21},
   number = {3},
   pages = {339-354},
   ISSN = {0960-3166},
   DOI = {10.1007/s11160-010-9176-4},
   url = {<Go to ISI>://WOS:000293398600003},
   year = {2011},
   type = {Journal Article}
}

@article{Collins2012,
   author = {Collins, M. A. and Stowasser, G. and Fielding, S. and Shreeve, R. and Xavier, J. C. and Venables, H. J. and Enderlein, P. and Cherel, Y. and Van de Putte, A.},
   title = {Latitudinal and bathymetric patterns in the distribution and abundance of mesopelagic fish in the {S}cotia {S}ea},
   journal = {Deep Sea Research Part II: Topical Studies in Oceanography},
   volume = {59-60},
   pages = {189-198},
   ISSN = {0967-0645},
   DOI = {https://doi.org/10.1016/j.dsr2.2011.07.003},
   url = {http://www.sciencedirect.com/science/article/pii/S0967064511001858},
   year = {2012},
   type = {Journal Article}
}

@article{Collins2008,
   author = {Collins, M. A. and Xavier, J. C. and Johnston, N. M. and North, A. W. and Enderlein, P. and Tarling, G. A. and Waluda, C. M. and Hawker, E. J. and Cunningham, N. J.},
   title = {Patterns in the distribution of myctophid fish in the northern {S}cotia {S}ea ecosystem},
   journal = {Polar Biology},
   volume = {31},
   number = {7},
   pages = {837-851},
   ISSN = {0722-4060},
   year = {2008},
   type = {Journal Article}
}

@article{Davison2013,
   author = {Davison, P.C. and Checkley Jr, D.M. and Koslow, J.A. and Barlow, J.},
   title = {Carbon export mediated by mesopelagic fishes in the northeast {P}acific {O}cean},
   journal = {Progress in Oceanography},
   volume = {116},
   pages = {14-30},
   ISSN = {0079-6611},
   year = {2013},
   type = {Journal Article}
}

@article{Donnelly1988,
   author = {Donnelly, J. and Torres, J.J.},
   title = {Oxygen consumption of midwater fishes and crustaceans from the eastern {G}ulf of {M}exico},
   journal = {Marine Biology},
   volume = {97},
   number = {4},
   pages = {483-494},
   ISSN = {0025-3162},
   year = {1988},
   type = {Journal Article}
}

@book{MesoReview1980,
   author = {Gjøsæter, Jakob and Kawaguchi, Kōichi},
   title = {A review of the world resources of mesopelagic fish},
   publisher = {Food \& Agriculture Org.},
   ISBN = {9251009244},
   year = {1980},
   type = {Book}
}

@book{GonHeemstra,
   author = {Gon, O. and Heemstra, P. C.},
   title = {Fishes of the {S}outhern {O}cean},
   publisher = {JLB Smith Institute of Ichthyology Grahamstown},
   volume = {1},
   year = {1990},
   type = {Book}
}

@article{Hidaka2001,
   author = {Hidaka, K. and Kawaguchi, K. and Murakami, M. and Takahashi, M.},
   title = {Downward transport of organic carbon by diel migratory micronekton in the western equatorial {P}acific: its quantitative and qualitative importance},
   journal = {Deep Sea Research Part I: Oceanographic Research Papers},
   volume = {48},
   number = {8},
   pages = {1923-1939},
   ISSN = {0967-0637},
   year = {2001},
   type = {Journal Article}
}

@article{Hudson2014,
   author = {Hudson, J. M. and Steinberg, D. K. and Sutton, T. T. and Graves, J. E. and Latour, R. J.},
   title = {Myctophid feeding ecology and carbon transport along the northern {M}id-{A}tlantic {R}idge},
   journal = {Deep-Sea Research Part I-Oceanographic Research Papers},
   volume = {93},
   pages = {104-116},
   ISSN = {0967-0637},
   DOI = {10.1016/j.dsr.2014.07.002},
   url = {<Go to ISI>://WOS:000343853200010},
   year = {2014},
   type = {Journal Article}
}

@article{Ikeda1989,
   author = {Ikeda, T.},
   title = {Estimated respiration rate of myctophid fish from the enzyme activity of the electron-transport-system},
   journal = {Journal of the Oceanographical Society of Japan},
   volume = {45},
   number = {3},
   pages = {167-173},
   ISSN = {0029-8131},
   year = {1989},
   type = {Journal Article}
}

@article{Irigoien2014,
   author = {Irigoien, X. and Klevjer, T. A. and Røstad, A. and Martinez, U. and Boyra, G. and Acuña, J. L. and Bode, A. and Echevarria, F. and Gonzalez-Gordillo, J. I. and Hernandez-Leon, S. and Agusti, S. and Aksnes, D. L. and Duarte, C. M. and Kaartvedt, S.},
   title = {Large mesopelagic fishes biomass and trophic efficiency in the open ocean},
   journal = {Nature Communications},
   volume = {5},
   pages = {3271},
   DOI = {10.1038/ncomms4271},
   url = {https://doi.org/10.1038/ncomms4271},
   year = {2014},
   type = {Journal Article}
}

@article{Kozlov1991,
   author = {Kozlov, A.N. and Shust, K.V. and Zemsky, A.V.},
   title = {Seasonal and inter-annual variability in the distribution of \textit{Electrona carlsbergi} in the {S}outhern {P}olar {F}ront area (the area to the north of South Georgia is used as an example)},
   journal = {CCAMLR Science},
   volume = {7},
   pages = {337-368},
   year = {1991},
   type = {Journal Article}
}

@article{Lancraft1991,
   author = {Lancraft, T. M. and Hopkins, T. L. and Torres, J. J and Donnelly, J.},
   title = {Oceanic micronektonic/macrozooplanktonic community structure and feeding in ice covered {A}ntarctic waters during the winter ({AMERIEZ} 1988)},
   journal = {Polar Biology},
   volume = {11},
   number = {3},
   pages = {157-167},
   ISSN = {0722-4060},
   year = {1991},
   type = {Journal Article}
}

@article{Longhurst1990,
   author = {Longhurst, A. R. and Bedo, A. W. and Harrison, W. G. and Head, E. J. H. and Sameoto, D. D.},
   title = {Vertical flux of respiratory carbon by oceanic diel migrant biota},
   journal = {Deep Sea Research Part A. Oceanographic Research Papers},
   volume = {37},
   number = {4},
   pages = {685-694},
   ISSN = {0198-0149},
   DOI = {https://doi.org/10.1016/0198-0149(90)90098-G},
   url = {http://www.sciencedirect.com/science/article/pii/019801499090098G},
   year = {1990},
   type = {Journal Article}
}

@article{Lourenco2017,
   author = {Louren{\c{c}}o, S. and Saunders, R. A. and Collins, M. and Shreeve, R. and Assis, C. A. and Belchier, M. and Watkins, J. L. and Xavier, J. C.},
   title = {Life cycle, distribution and trophodynamics of the lanternfish \textit{Krefftichthys anderssoni} (L{\"{o}}nnberg, 1905) in the {S}cotia {S}ea},
   journal = {Polar Biology},
   volume = {40},
   number = {6},
   pages = {1229-1245},
   ISSN = {0722-4060},
   year = {2017},
   type = {Journal Article}
}

@article{Marshall1960,
   author = {Marshall, N. B.},
   title = {Swimbladder structure of deep-sea fishes in relation to their systematics and biology},
   journal = {Discov. Rep.},
   volume = {27},
   pages = {1-121},
   year = {1960},
   type = {Journal Article}
}

@article{Oven1990,
   author = {Oven, L.S. and Konstantinova, M.P. and Shevchenko, N.F.},
   title = {Aspects of reproduction and feeding of myctophids ({M}yctophidae) in the southwest {A}tlantic},
   journal = {J Ichthyol},
   volume = {30},
   number = {2},
   pages = {115-127},
   year = {1990},
   type = {Journal Article}
}

@article{Pakhomov1996,
   author = {Pakhomov, E. A. and Perissinotto, R. and McQuaid, C. D.},
   title = {Prey composition and daily rations of myctophid fishes in the {S}outhern {O}cean},
   journal = {Marine Ecology Progress Series},
   volume = {134},
   pages = {1-14},
   url = {https://www.int-res.com/abstracts/meps/v134/p1-14/},
   year = {1996},
   type = {Journal Article}
}

@article{Piatkowski1994,
   author = {Piatkowski, U. and Rodhouse, P. G. and White, M. G. and Bone, D. G. and Symon, C.},
   title = {Nekton community of the {S}cotia {S}ea as sampled by the {RMT} 25 during austral summer},
   journal = {Marine Ecology Progress Series},
   volume = {112},
   pages = {13-28},
   ISSN = {0171-8630},
   year = {1994},
   type = {Journal Article}
}

@article{Portner2006,
   author = {P{\"{o}}rtner, H. O.},
   title = {Climate-dependent evolution of {A}ntarctic ectotherms: An integrative analysis},
   journal = {Deep-Sea Research Part Ii-Topical Studies in Oceanography},
   volume = {53},
   number = {8-10},
   pages = {1071-1104},
   ISSN = {0967-0645},
   DOI = {10.1016/j.dsr2.2006.02.015},
   url = {<Go to ISI>://WOS:000240614400020},
   year = {2006},
   type = {Journal Article}
}

@article{Pusch2004,
   author = {Pusch, C. and Hulley, P. A. and Kock, K. H.},
   title = {Community structure and feeding ecology of mesopelagic fishes in the slope waters of {K}ing {G}eorge {I}sland ({S}outh {S}hetland {I}slands, {A}ntarctica)},
   journal = {Deep Sea Research Part I: Oceanographic Research Papers},
   volume = {51},
   number = {11},
   pages = {1685-1708},
   ISSN = {0967-0637},
   DOI = {https://doi.org/10.1016/j.dsr.2004.06.008},
   url = {http://www.sciencedirect.com/science/article/pii/S0967063704001177},
   year = {2004},
   type = {Journal Article}
}

@article{Sabine2004,
   author = {Sabine, C. L. and Feely, R. A. and Gruber, N. and Key, R. M. and Lee, K. and Bullister, J. L. and Wanninkhof, R. and Wong, C. S. and Wallace, D. W. R. and Tilbrook, B. and Millero, F. J. and Peng, T. H. and Kozyr, A. and Ono, T. and Rios, A. F.},
   title = {The Oceanic Sink for Anthropogenic {CO<sub>2</sub>}},
   journal = {Science},
   volume = {305},
   number = {5682},
   pages = {367-371},
   DOI = {10.1126/science.1097403},
   url = {https://science.sciencemag.org/content/sci/305/5682/367.full.pdf},
   year = {2004},
   type = {Journal Article}
}

@article{Sandersfeld2017,
   author = {Sandersfeld, T. and Mark, F. C. and Knust, R.},
   title = {Temperature-dependent metabolism in {A}ntarctic fish: {D}o habitat temperature conditions affect thermal tolerance ranges?},
   journal = {Polar Biology},
   volume = {40},
   number = {1},
   pages = {141-149},
   ISSN = {0722-4060},
   DOI = {10.1007/s00300-016-1934-x},
   url = {<Go to ISI>://WOS:000391401900011},
   year = {2017},
   type = {Journal Article}
}

@article{Saunders2014,
   author = {Saunders, R. A. and Collins, M. A. and Foster, E. and Shreeve, R. and Stowasser, G. and Ward, P. and Tarling, G. A.},
   title = {The trophodynamics of {S}outhern {O}cean {E}lectrona ({M}yctophidae) in the {S}cotia {S}ea},
   journal = {Polar biology},
   volume = {37},
   number = {6},
   pages = {789-807},
   ISSN = {0722-4060},
   year = {2014},
   type = {Journal Article}
}

@article{Saunders2017,
   author = {Saunders, R. A. and Collins, M. A. and Stowasser, G. and Tarling, G. A.},
   title = {{S}outhern {O}cean mesopelagic fish communities in the Scotia Sea are sustained by mass immigration},
   journal = {Marine Ecology Progress Series},
   volume = {569},
   pages = {173-185},
   ISSN = {0171-8630},
   DOI = {10.3354/meps12093},
   url = {<Go to ISI>://WOS:000400344700013},
   year = {2017},
   type = {Journal Article}
}

@article{Saunders2015a,
   author = {Saunders, R. A. and Collins, M. A. and Ward, P. and Stowasser, G. and Shreeve, R. and Tarling, G. A.},
   title = {Distribution, population structure and trophodynamics of {S}outhern {O}cean {G}ymnoscopelus ({M}yctophidae) in the {S}cotia {S}ea},
   journal = {Polar Biology},
   volume = {38},
   number = {3},
   pages = {287-308},
   ISSN = {0722-4060},
   year = {2015},
   type = {Journal Article}
}

@article{Saunders2015b,
   author = {Saunders, R. A. and Collins, M. A. and Ward, P. and Stowasser, G. and Shreeve, R. and Tarling, G. A.},
   title = {{T}rophodynamics of {P}rotomyctophum ({M}yctophidae) in the {S}cotia {S}ea ({S}outhern {O}cean)},
   journal = {Journal of Fish Biology},
   volume = {87},
   number = {4},
   pages = {1031-1058},
   ISSN = {0022-1112},
   DOI = {10.1111/jfb.12776},
   url = {https://onlinelibrary.wiley.com/doi/abs/10.1111/jfb.12776},
   year = {2015},
   type = {Journal Article}
}

@article{Saunders2013,
   author = {Saunders, R. A. and Fielding, S. and Thorpe, S. E. and Tarling, G. A.},
   title = {School characteristics of mesopelagic fish at {S}outh {G}eorgia},
   journal = {Deep Sea Research Part I: Oceanographic Research Papers},
   volume = {81},
   pages = {62-77},
   ISSN = {0967-0637},
   DOI = {https://doi.org/10.1016/j.dsr.2013.07.007},
   url = {http://www.sciencedirect.com/science/article/pii/S0967063713001416},
   year = {2013},
   type = {Journal Article}
}

@article{StJohn2016,
   author = {St. John, M. A. and Borja, A. and Chust, G. and Heath, M. and Grigorov, I. and Mariani, P. and Martin, A. P. and Santos, R. S.},
   title = {A Dark Hole in Our Understanding of Marine Ecosystems and Their Services: Perspectives from the Mesopelagic Community},
   journal = {Frontiers in Marine Science},
   volume = {3},
   number = {31},
   ISSN = {2296-7745},
   DOI = {10.3389/fmars.2016.00031},
   url = {https://www.frontiersin.org/article/10.3389/fmars.2016.00031},
   year = {2016},
   type = {Journal Article}
}

@article{Steeffensen2002,
   author = {Steffensen, J. F.},
   title = {Metabolic cold adaptation of polar fish based on measurements of aerobic oxygen consumption: fact or artefact? {A}rtefact!},
   journal = {Comparative Biochemistry and Physiology Part A: Molecular \& Integrative Physiology},
   volume = {132},
   number = {4},
   pages = {789-795},
   ISSN = {1095-6433},
   DOI = {https://doi.org/10.1016/S1095-6433(02)00048-X},
   url = {http://www.sciencedirect.com/science/article/pii/S109564330200048X},
   year = {2002},
   type = {Journal Article}
}

@article{Torres1988a,
   author = {Torres, J.J. and Somero, G.N.},
   title = {Metabolism, enzymic activities and cold adaptation in {A}ntarctic mesopelagic fishes},
   journal = {Marine Biology},
   volume = {98},
   number = {2},
   pages = {169-180},
   ISSN = {0025-3162},
   year = {1988},
   type = {Journal Article}
}

@article{Torres1988b,
   author = {Torres, J.J. and Somero, G.N.},
   title = {Vertical distribution and metabolism in {A}ntarctic mesopelagic fishes},
   journal = {Comparative Biochemistry and Physiology--Part B: Biochemistry and Molecular Biology},
   volume = {90},
   number = {3},
   pages = {521-528},
   ISSN = {0305-0491},
   year = {1988},
   type = {Journal Article}
}

@article{Torres1979,
  title={Oxygen consumption rates of midwater fishes as a function of depth of occureence},
  author={Torres, J.J and Belman, B.W. and Childress, J.J.},
  journal={Deep Sea Research Part A. Oceanographic Research Papers},
  volume={26},
  number={2},
  pages={185--197},
  year={1979},
  publisher={Elsevier}
}

@article{Trueman2014,
   author = {Trueman, C. N. and Johnston, G. and O'Hea, B. and MacKenzie, K. M.},
   title = {Trophic interactions of fish communities at midwater depths enhance long-term carbon storage and benthic production on continental slopes},
   journal = {Proceedings of the Royal Society B: Biological Sciences},
   volume = {281},
   number = {1787},
   pages = {20140669},
   DOI = {doi:10.1098/rspb.2014.0669},
   url = {https://royalsocietypublishing.org/doi/abs/10.1098/rspb.2014.0669},
   year = {2014},
   type = {Journal Article}
}

@article{Vanella2005,
   author = {Vanella, F. A. and Calvo, J.},
   title = {Influence of temperature, habitat and body mass on routine metabolic rates of subantarctic teleosts},
   journal = {Scientia Marina},
   volume = {69},
   pages = {317-323},
   ISSN = {0214-8358},
   DOI = {10.3989/scimar.2005.69s2317},
   url = {<Go to ISI>://WOS:000234678700028},
   year = {2005},
   type = {Journal Article}
}

@article{Venables2012,
   author = {Venables, H and Meredith, M. P. and Atkinson, A. and Ward, P.},
   title = {Fronts and habitat zones in the {S}cotia {S}ea},
   journal = {Deep Sea Research Part II: Topical Studies in Oceanography},
   volume = {59},
   pages = {14-24},
   ISSN = {0967-0645},
   year = {2012},
   type = {Journal Article}
}

@article{White2012,
   author = {White, C. R. and Alton, L. A. and Frappell, P. B.},
   title = {Metabolic cold adaptation in fishes occurs at the level of whole animal, mitochondria and enzyme},
   journal = {Proceedings of the Royal Society B-Biological Sciences},
   volume = {279},
   number = {1734},
   pages = {1740-1747},
   ISSN = {0962-8452},
   DOI = {10.1098/rspb.2011.2060},
   url = {<Go to ISI>://WOS:000301981300010},
   year = {2012},
   type = {Journal Article}
}

@article{Wohlschlag1960,
   author = {Wohlschlag, D. E.},
   title = {Metabolism of an {A}ntarctic fish and the phenomenon of cold adaptation},
   journal = {Ecology},
   volume = {41},
   number = {2},
   pages = {287-292},
   ISSN = {1939-9170},
   year = {1960},
   type = {Journal Article}
}

@article{Zasel1985,
   author = {Zasel’sliy, V.S. and Kudrin, B.D. and Poletayev, V.A. and Chechenin, S. C,},
   title = {Some features of the biology of \textit{Electrona carlsbergi} ({T}aning) ({M}yctophidae) in the {A}tlantic sector of the {A}ntarctic},
   journal = {J Ichthyol},
   volume = {25},
   number = {2},
   pages = {163-166},
   year = {1985},
   type = {Journal Article}
}

@article{Passow2012,
  title={The biological pump in a high {CO2} world},
  author={Passow, U. and Carlson, C. A.},
  journal={Marine Ecology Progress Series},
  volume={470},
  pages={249--271},
  year={2012}
}

@article{Chung2019b,
   author = {Chung, M. T. and Trueman, C. N. and Godiksen, J. A. and Gr{\o}nkj{\ae}r, P.},
   title = {Otolith delta{13C} values as a metabolic proxy: approaches and mechanical underpinnings},
   journal = {Marine and Freshwater Research},
   pages = {-},
   DOI = {https://doi.org/10.1071/MF18317},
   url = {https://www.publish.csiro.au/paper/MF18317},
   year = {2019},
   type = {Journal Article}
}

@article{Chung2019a,
   author = {Chung, M. T. and Trueman, C. N. and Godiksen, J. A. and Holmstrup, M. E. and Gr{\o}nkj{\ae}r, P.},
   title = {Field metabolic rates of teleost fishes are recorded in otolith carbonate},
   journal = {Communications biology},
   volume = {2},
   number = {1},
   pages = {24},
   ISSN = {2399-3642},
   year = {2019},
   type = {Journal Article}
}

@article{Treberg2016,
   author = {Treberg, J. R. and Killen, S. S. and MacCormack, T. J. and Lamarre, S. G. and Enders, E. C.},
   title = {Estimates of metabolic rate and major constituents of metabolic demand in fishes under field conditions: Methods, proxies, and new perspectives},
   journal = {Comparative Biochemistry and Physiology a-Molecular \& Integrative Physiology},
   volume = {202},
   pages = {10-22},
   ISSN = {1095-6433},
   DOI = {10.1016/j.cbpa.2016.04.022},
   url = {<Go to ISI>://WOS:000389110800003},
   year = {2016},
   type = {Journal Article}
}

@article{Trueman2016,
   author = {Trueman, C. N. and Chung, M. T. and Shores, D.},
   title = {Ecogeochemistry potential in deep time biodiversity illustrated using a modern deep-water case study},
   journal = {Philosophical Transactions of the Royal Society B: Biological Sciences},
   volume = {371},
   number = {1691},
   DOI = {10.1098/rstb.2015.0223},
   year = {2016},
   type = {Journal Article}
}

@article{Campana1998,
   author = {Campana, S. E.},
   title = {Chemistry and composition of fish otoliths: pathways, mechanisms and applications},
   journal = {Marine Ecology Progress Series},
   volume = {188},
   pages = {263-297},
   ISSN = {01718630, 16161599},
   url = {http://www.jstor.org/stable/24853344},
   year = {1999},
   type = {Journal Article}
}

@article{Solomon2006,
   author = {Solomon, C. T. and Weber, P. K. and Cech, Jr., J. J. and Ingram, B. L. and Conrad, M. E.  and Machavaram, M. V. and Pogodina, A. R. and Franklin, R. L.},
   title = {Experimental determination of the sources of otolith carbon and associated isotopic fractionation},
   journal = {Canadian Journal of Fisheries and Aquatic Sciences},
   volume = {63},
   number = {1},
   pages = {79-89},
   ISSN = {0706-652X},
   DOI = {10.1139/f05-200},
   url = {https://doi.org/10.1139/f05-200},
   year = {2006},
   type = {Journal Article}
}

@article{Magozzi2017,
   author = {Magozzi, S. and Yool, A. and Vander Zanden, H.B. and Wunder, M.B. and Trueman, C.N.},
   title = {Using ocean models to predict spatial and temporal variation in marine carbon isotopes},
   journal = {Ecosphere},
   volume = {8},
   number = {5},
   pages = {e01763},
   ISSN = {2150-8925},
   year = {2017},
   type = {Journal Article}
}

@article{Tagliabue2008,
   author = {Tagliabue, A. and Bopp, L.},
   title = {Towards understanding global variability in ocean carbon‐13},
   journal = {Global Biogeochemical Cycles},
   volume = {22},
   number = {1},
   ISSN = {1944-9224},
   year = {2008},
   type = {Journal Article}
}

@article{Brown2004,
   author = {Brown, J. H. and Gillooly, J. F. and Allen, A. P. and Savage, V. M. and West, G. B.},
   title = {Toward a metabolic theory of ecology},
   journal = {Ecology},
   volume = {85},
   number = {7},
   pages = {1771-1789},
   year = {2004},
   type = {Journal Article}
}

@misc{Fishbase,
author = {Froese, R. and Pauly, D.},
title = {FishBase},
url = {https://www.fishbase.in/},
year = {2019}
}

@article{DeNiro1978,
   author = {DeNiro, M. J. and Epstein, S.},
   title = {Influence of diet on the distribution of carbon isotopes in animals},
   journal = {Geochimica et Cosmochimica Acta},
   volume = {42},
   number = {5},
   pages = {495-506},
   ISSN = {0016-7037},
   DOI = {https://doi.org/10.1016/0016-7037(78)90199-0},
   url = {http://www.sciencedirect.com/science/article/pii/0016703778901990},
   year = {1978},
   type = {Journal Article}
}

@article{Thorrold1997,
   author = {Thorrold, S. R. and Campana, S. E. and Jones, C. M. and Swart, P. K.},
   title = {Factors determining delta C-13 and delta O-18 fractionation in aragonitic otoliths of marine fish},
   journal = {Geochimica Et Cosmochimica Acta},
   volume = {61},
   number = {14},
   pages = {2909-2919},
   ISSN = {0016-7037},
   DOI = {10.1016/s0016-7037(97)00141-5},
   url = {<Go to ISI>://WOS:A1997XT45500009},
   year = {1997},
   type = {Journal Article}
}

@article{Hoie2004,
   author = {H{\o}ie, H. and Otterlei, E. and Folkvord, A.},
   title = {Temperature-dependent fractionation of stable oxygen isotopes in otoliths of juvenile cod (\textit{Gadus morhua} L.)},
   journal = {ICES Journal of Marine Science},
   volume = {61},
   number = {2},
   pages = {243-251},
   ISSN = {1095-9289},
   year = {2004},
   type = {Journal Article}
}

@Misc{Rethinking,
    title = {rethinking: {S}tatistical {R}ethinking book package},
    author = {McElreath, R.},
    year = {2016},
    note = {R package version 1.59},
  }
  
@Misc{RStan,
    title = {{RStan}: the {R} interface to {Stan}},
    author = {{Stan Development Team}},
    note = {R package version 2.17.3},
    year = {2018},
    url = {http://mc-stan.org/},
 }
 
 @Misc{Schmidt1999,
 title = {Global Seawater Oxygen-18 Database},
 author = {Schmidt, G. A. and Bigg, G. R. and Rohling, E. J.},
 url = {https://data.giss.nasa.gov/o18data/},
 note = {version 1.22},
 year = {1999}
 }
 
@Misc{R,
    title = {R: A Language and Environment for Statistical Computing},
    author = {{R Core Team}},
    organization = {R Foundation for Statistical Computing},
    address = {Vienna, Austria},
    year = {2018},
    url = {https://www.R-project.org/},
    note = {version 3.4.4}
  }
 
@article{Watanabe1999,
  title={Diel vertical migration of myctophid fishes ({F}amily {M}yctophidae) in the transitional waters of the western {N}orth {P}acific},
  author={Watanabe, H. and Moku, M. and Kawaguchi, K. and Ishimaru, K. and Ohno, A.},
  journal={Fisheries Oceanography},
  volume={8},
  number={2},
  pages={115-127},
  year={1999},
  publisher={Wiley Online Library}
}

@article{Killen2010,
   author = {Killen, S. S. and Atkinson, D. and Glazier, D. S.},
   title = {The intraspecific scaling of metabolic rate with body mass in fishes depends on lifestyle and temperature},
   journal = {Ecology Letters},
   volume = {13},
   number = {2},
   pages = {184-193},
   DOI = {doi:10.1111/j.1461-0248.2009.01415.x},
   url = {https://onlinelibrary.wiley.com/doi/abs/10.1111/j.1461-0248.2009.01415.x},
   year = {2010},
   type = {Journal Article}
}

@article{Clarke1999,
   author = {Clarke, A. and Johnston, N. M.},
   title = {Scaling of metabolic rate with body mass and temperature in teleost fish},
   journal = {Journal of Animal Ecology},
   volume = {68},
   number = {5},
   pages = {893-905},
   ISSN = {1365-2656},
   DOI = {10.1046/j.1365-2656.1999.00337.x},
   url = {http://dx.doi.org/10.1046/j.1365-2656.1999.00337.x},
   year = {1999},
   type = {Journal Article}
}

@article{Portner2008,
   author = {P{\"{o}}rtner, H. O. and Farrell, A. P.},
   title = {Physiology and climate change},
   journal = {Science},
   pages = {690-692},
   ISSN = {0036-8075},
   year = {2008},
   type = {Journal Article}
}

@article{Killen2016,
   author = {Killen, S. S. and Glazier, D. S. and Rezende, E. L. and Clark, T. D. and Atkinson, D. and Willener, A. S. T. and Halsey, L. G.},
   title = {Ecological Influences and Morphological Correlates of Resting and Maximal Metabolic Rates across Teleost Fish Species},
   journal = {The American Naturalist},
   volume = {187},
   number = {5},
   pages = {592-606},
   DOI = {10.1086/685893},
   url = {https://www.journals.uchicago.edu/doi/abs/10.1086/685893},
   year = {2016},
   type = {Journal Article}
}

@article{herna1996factors,
  title={Factors affecting the respiration/{ETS} ratio in marine zooplankton},
  author={Hern{\'a}ndez-Le{\'o}, Santiago and G{\'o}mez, May},
  journal={Journal of Plankton Research},
  volume={18},
  number={2},
  pages={239--255},
  year={1996},
  publisher={Oxford University Press}
}

@book{Harvey1991,
   author = {Harvey, P. and Pagel, M. D.},
   title = {The comparative method in evolutionary biology},
   publisher = {Oxford university press Oxford},
   volume = {239},
   year = {1991},
   type = {Book}
}

@article{Drazen2007,
   author = {Drazen, J. C. and Seibel, B. A.},
   title = {Depth‐related trends in metabolism of benthic and benthopelagic deep‐sea fishes},
   journal = {Limnology and Oceanography},
   volume = {52},
   number = {5},
   pages = {2306-2316},
   ISSN = {1939-5590},
   year = {2007},
   type = {Journal Article}
}

@article{Seibel2007,
   author = {Seibel, B. A. and Drazen, J. C.},
   title = {The rate of metabolism in marine animals: environmental constraints, ecological demands and energetic opportunities},
   journal = {Philosophical Transactions of the Royal Society B: Biological Sciences},
   volume = {362},
   number = {1487},
   pages = {2061-2078},
   ISSN = {0962-8436},
   year = {2007},
   type = {Journal Article}
}

@article{Uyeda2017,
   author = {Uyeda, J. C. and Pennell, M. W. and Miller, E. T. and Maia, R. and McClain, C. R.},
   title = {The Evolution of Energetic Scaling across the Vertebrate Tree of Life},
   journal = {The American Naturalist},
   volume = {190},
   number = {2},
   pages = {185-199},
   DOI = {10.1086/692326},
   url = {http://www.journals.uchicago.edu/doi/abs/10.1086/692326},
   year = {2017},
   type = {Journal Article}
}

@article{Sherwood2003,
   author = {Sherwood, G. D. and Rose, G. A.},
   title = {Influence of swimming form on otolith delta{13C} in marine fish},
   journal = {Marine Ecology Progress Series},
   volume = {258},
   pages = {283-289},
   ISSN = {0171-8630},
   year = {2003},
   type = {Journal Article}
}

@article{Ikeda2016,
   author = {Ikeda, T.},
   title = {Routine metabolic rates of pelagic marine fishes and cephalopods as a function of body mass, habitat temperature and habitat depth},
   journal = {Journal of Experimental Marine Biology and Ecology},
   volume = {480},
   pages = {74-86},
   ISSN = {0022-0981},
   DOI = {https://doi.org/10.1016/j.jembe.2016.03.012},
   url = {http://www.sciencedirect.com/science/article/pii/S0022098116300478},
   year = {2016},
   type = {Journal Article}
}

@Manual{truncnorm,
    title = {truncnorm: Truncated Normal Distribution},
    author = {Mersmann, O. and Trautmann, H. and Steuer, D. and Bornkamp, B.},
    year = {2018},
    note = {R package version 1.0-8},
    url = {https://CRAN.R-project.org/package=truncnorm},
  }

@article{Glazier2005,
   author = {Glazier, D. S.},
   title = {Beyond the ‘3/4-power law’: variation in the intra-and interspecific scaling of metabolic rate in animals},
   journal = {Biological Reviews},
   volume = {80},
   number = {4},
   pages = {611-662},
   ISSN = {1469-185X},
   year = {2005},
   type = {Journal Article}
}

